<mx:record xmlns="http://www.w3.org/TR/xhtml1/strict" xmlns:mx="http://www.loc.gov/MARC21/slim" xmlns:xsi="http://www.w3.org/2001/XMLSchema-instance"><mx:leader>00000cz   2200000n  0000</mx:leader><mx:controlfield tag="001">oca00923771 </mx:controlfield><mx:controlfield tag="005">20060727052104.0</mx:controlfield><mx:controlfield tag="008">830510n| acannaabn          |a aaa      </mx:controlfield><mx:datafield ind1=" " ind2=" " tag="010"><mx:subfield code="a">n  83033840</mx:subfield></mx:datafield><mx:datafield ind1=" " ind2=" " tag="040"><mx:subfield code="a">DLC</mx:subfield><mx:subfield code="b">eng</mx:subfield><mx:subfield code="c">DLC</mx:subfield><mx:subfield code="d">NcU</mx:subfield></mx:datafield><mx:datafield ind1="0" ind2=" " tag="100"><mx:subfield code="a">Dares,</mx:subfield><mx:subfield code="c">Phrygius</mx:subfield></mx:datafield><mx:datafield ind1="0" ind2=" " tag="400"><mx:subfield code="a">Darete,</mx:subfield><mx:subfield code="c">Frigio</mx:subfield></mx:datafield><mx:datafield ind1="0" ind2=" " tag="400"><mx:subfield code="a">Frigiĭ Dariĭ</mx:subfield></mx:datafield><mx:datafield ind1="0" ind2=" " tag="400"><mx:subfield code="a">Daret</mx:subfield></mx:datafield><mx:datafield ind1="0" ind2=" " tag="400"><mx:subfield code="a">Dares,</mx:subfield><mx:subfield code="c">of Phrygia</mx:subfield></mx:datafield><mx:datafield ind1=" " ind2="0" tag="530"><mx:subfield code="a">Daretis Phrygii de excidio Troiae historia</mx:subfield></mx:datafield><mx:datafield ind1=" " ind2=" " tag="670"><mx:subfield code="a">Oxford class. dict.</mx:subfield><mx:subfield code="b">(Dares of Phrygia)</mx:subfield></mx:datafield><mx:datafield ind1=" " ind2=" " tag="670"><mx:subfield code="a">Encyc. Brit., 1960, under Dares Phrygius</mx:subfield><mx:subfield code="b">(supposed author of a work in Latin, purporting to be a translation of a Greek original, entitled Daretis Phrygii de excidio Troiae historia. The De excidio forms the chief source for the numerous Middle Age accounts of the Trojan legend); under Troy (Old Greek writers mention an account of the destruction of the city earlier than the Homeric poems, and in the time of Aelian (2nd cent. A.D.). This Iliad of Dares, priest of Hephaestus at Troy, was believed to be still in existence; but an unknown Latin writer, living between 400 and 600, took advantage of it to compile Daretis Phrygii de excidio Trojae historia)</mx:subfield></mx:datafield><mx:datafield ind1=" " ind2=" " tag="999"><mx:subfield code="a">10698</mx:subfield></mx:datafield></mx:record>